@online{petro,
  author = {Greg Petro},
  title = {Why the Great Resignation Should Be Retailer's Greatest Worry},
  url = {https://www.forbes.com/sites/gregpetro/2021/12/10/why-the-great-resignation-should-be-retailers-biggest-worry/},
  date = {2021-12-10},
  year = {2021},
  urldate = {2022-03-25}
}
@online{neal,
  author = {Doug Neal},
  title = {The Future is Bright for Autonomous Delivery, says Refraction AI CEO},
  url = {https://elabvc.com/2021/01/the-future-is-bright-for-autonomous-delivery-says-refraction-ai-ceo/},
  date = {2021-01-27},
  year = {2021},
  urldate = {2022-03-24}
}
@book{devopshandbook,
  author = {G. Kim and P. Debois and J. Willis and J. Humble},
  title = {The DevOps Handbook: How to Create World-Class Agility, Reliability, and Security in Technology Organizations},
  edition = {1},
  year = {2016},
  publisher = {IT Revolution Press},
  address = {Portland}
}
