@online{identifier,
  author = {AUTHORNAME},
  title = {TITLE}
  url = {URL}
  date = {YYYY-MM-DD},
  year = {YYYY},
  urldate = {uYYYY-uMM-uDD}
}
@book{identifier,
  author = {AUTHORNAMESSPLITWITHAND}
  title = {FULLTITLE},
  edition = {INTEGER},
  year = {YYYY},
  publisher = {PUBLISHER},
  address = {PUBLISHERCITY}
}
